<record><leader>00000cas a22000007a 4500</leader><controlfield tag="001">18068278</controlfield><controlfield tag="008">880610d19101922mdudn ne      0    0eng d</controlfield><datafield ind1=" " ind2=" " tag="010"><subfield code="a">sn 88065726 </subfield></datafield><datafield ind1=" " ind2=" " tag="040"><subfield code="a">MFN</subfield><subfield code="b">eng</subfield><subfield code="c">MFN</subfield><subfield code="d">NVK</subfield><subfield code="d">OCLCQ</subfield><subfield code="d">OCLCF</subfield><subfield code="d">OCLCO</subfield></datafield><datafield ind1="1" ind2=" " tag="029"><subfield code="a">AU@</subfield><subfield code="b">000020517079</subfield></datafield><datafield ind1=" " ind2=" " tag="042"><subfield code="a">msc</subfield></datafield><datafield ind1=" " ind2=" " tag="043"><subfield code="a">n-us-md</subfield></datafield><datafield ind1="0" ind2="0" tag="245"><subfield code="a">Evening capital and Maryland gazette.</subfield></datafield><datafield ind1="1" ind2="3" tag="246"><subfield code="a">Evening capital</subfield></datafield><datafield ind1="1" ind2="3" tag="246"><subfield code="a">Annapolis evening capital and Maryland gazette</subfield></datafield><datafield ind1="3" ind2="0" tag="246"><subfield code="a">Evening capital, the Maryland gazette</subfield></datafield><datafield ind1=" " ind2=" " tag="260"><subfield code="a">Annapolis, Md. :</subfield><subfield code="b">W.M. Abbott</subfield></datafield><datafield ind1=" " ind2=" " tag="300"><subfield code="a">v. :</subfield><subfield code="b">ill. ;</subfield><subfield code="c">61 cm.</subfield></datafield><datafield ind1=" " ind2=" " tag="310"><subfield code="a">Daily (except Sun.)</subfield></datafield><datafield ind1="0" ind2=" " tag="362"><subfield code="a">Vol. 52, no. 73 (Feb. 10, 1910)-v. 77, no. 70 (Aug. 2, 1922).</subfield></datafield><datafield ind1=" " ind2=" " tag="500"><subfield code="a">Published as: Evening capital, the Maryland gazette, Apr. 6, 1917-Aug. 2, 1922.</subfield></datafield><datafield ind1=" " ind2="0" tag="651"><subfield code="a">Annapolis (Md.)</subfield><subfield code="v">Newspapers.</subfield></datafield><datafield ind1=" " ind2="7" tag="655"><subfield code="a">Newspapers.</subfield><subfield code="2">fast</subfield><subfield code="0">(OCoLC)fst01423814</subfield></datafield><datafield ind1=" " ind2="7" tag="651"><subfield code="a">Maryland</subfield><subfield code="z">Annapolis.</subfield><subfield code="2">fast</subfield><subfield code="0">(OCoLC)fst01206088</subfield></datafield><datafield ind1=" " ind2=" " tag="752"><subfield code="a">United States</subfield><subfield code="b">Maryland</subfield><subfield code="c">Anne Arundel</subfield><subfield code="d">Annapolis.</subfield></datafield><datafield ind1="0" ind2="4" tag="780"><subfield code="t">Evening capital (Annapolis, Md. : 1884)</subfield><subfield code="w">(DLC)sn 88065721</subfield><subfield code="w">(OCoLC)18068083</subfield></datafield><datafield ind1="0" ind2="4" tag="780"><subfield code="t">Maryland gazette (Annapolis, Md. : 1874)</subfield><subfield code="w">(DLC)sn 84038663</subfield></datafield><datafield ind1="0" ind2="0" tag="785"><subfield code="t">Evening capital (Annapolis, Md. : 1922)</subfield><subfield code="w">(DLC)sn 83009667</subfield></datafield></record>